 
@book{Higham1998,
	title        = {{Handbook of Writing for the Mathematical Sciences}},
	author       = {Higham, Nicholas J.},
	year         = 1998,
	publisher    = {SIAM},
	address      = {Philadelphia, PA, USA},
	isbn         = {0-89871-420-6},
	edition      = {2nd},
	doi          = {10.1137/1.9780898719550}
}

@book{Trzeciak2005,
	title        = {{Writing Mathematical Papers in English: A Practical Guide}},
	author       = {Trzeciak, Jerzy},
	year         = 2005,
	publisher    = {European Mathematical Society Publishing House},
	address      = {Z\"{u}rich, Switzerland},
	doi          = {10.4171/014},
	isbn         = {978-3-03719-014-2}
}
